
@misc{IRPF,
  author = {Gobierno de Espa√±a},
  title = {Ley 35/2006},
  year = {2006},
  url = {https://www.boe.es/buscar/act.php?id=BOE-A-2006-20764}}

@misc{LGPL,
  title = {GNU LESSER GENERAL PUBLIC LICENSE},
  year = {1999},
  url = {https://www.gnu.org/licenses/old-licenses/lgpl-2.1.html}}

@misc{gnurecs,
  title = {License Recommendations},
  url = {https://www.gnu.org/licenses/license-recommendations.html}}

@misc{ppl,
  title = {The Top Programming Languages 2017},
  url = {http://spectrum.ieee.org/static/interactive-the-top-programming-languages-2017}, 
  year = {2017}}
  
@misc{py,
  title = {Python download},
  url = {https://www.python.org/downloads/}}