@misc{cu09,
  author = {Ward Cunningham},
  title = {\href{https://www.youtube.com/watch?v=pqeJFYwnkjE}{Debt Metaphor}},
  year = {2009}}

@misc{fow03,
  author = {Martin Fowler},
  title = {\href{https://martinfowler.com/bliki/TechnicalDebt.html}{TechnicalDebt}},
  year = {2003}}
		
@misc{fow09,
  author = {Martin Fowler},
  title = {\href{https://martinfowler.com/bliki/TechnicalDebtQuadrant.html}{TechnicalDebtQuadrant}},
  year = {2009}}

@misc{kni13,
  author = {Henrik Kniberg},
  title = {\href{http://blog.crisp.se/2013/10/11/henrikkniberg/good-and-bad-technical-debt}{Good and Bad Technical Debt}},
  year = {2013}}
		
@misc{imnet,
  author = {\href{http://image-net.org/about-people}{Image-net Team}},
  title = {\href{http://image-net.org/}{Image-net}}}
		 
@misc{svless,
  author = {\href{https://serverless.com/company/team/}{Serverless Team}},
  title = {\href{https://serverless.com/}{Serverless}}}
		 
@book{svlops,
  author = {Michael Hausenblas},
  title = {Serverless Ops},
  publisher = {Oâ€™Reilly Media},
  year = {2016}}

@article{hill90,
  title={What is scalability?},
  author={Hill, Mark D},
  journal={ACM SIGARCH Computer Architecture News},
  volume={18},
  number={4},
  pages={18--21},
  year={1990},
  publisher={ACM}}

@inproceedings{bondi00,
  title={Characteristics of scalability and their impact on performance},
  author={Bondi, Andr{\'e} B},
  booktitle={Proceedings of the 2nd international workshop on Software and performance},
  pages={195--203},
  year={2000}, 
  organization={ACM}}

@book{scala09,
  title={The art of scalability: Scalable web architecture, processes, and organizations for the modern enterprise},
  author={Abbott, Martin L and Fisher, Michael T},
  year={2009},
  publisher={Pearson Education}}

@book{martin03,
  title={\href{https://books.google.es/books?id=0HYhAQAAIAAJ}{Agile Software Development: Principles, Patterns, and Practices}},
  author={Martin, R.C.},
  isbn={9780135974445},
  lccn={2003270283},
  series={Alan Apt series},
  year={2003},
  publisher={Pearson Education}}
		
@misc{pocoo,
  author = {\href{http://www.pocoo.org/}{Image-net Team}},
  title = {\href{http://www.pocoo.org/internal/styleguide/}{Image-net}}}


@misc{pep287,
  author = {David Goodger},
  title = {\href{https://www.python.org/dev/peps/pep-0287/}{PEP 287}},
  year = {2002}}


